{
  "result": "true",
  "data": [{
    "date": "1415900654",
    "price": 420,
    "amount": 0.0175,
    "tid": "10127208",
    "type": "sell"
  }, {
    "date": "1416091464",
    "price": 379.91,
    "amount": 0.0029,
    "tid": "10155650",
    "type": "sell"
  }, {
    "date": "1416092463",
    "price": 380,
    "amount": 0.0143,
    "tid": "10155799",
    "type": "buy"
  }, {
    "date": "1416096996",
    "price": 366.1,
    "amount": 0.0208,
    "tid": "10156495",
    "type": "sell"
  }, {
    "date": "1416097217",
    "price": 379,
    "amount": 0.0034,
    "tid": "10156529",
    "type": "buy"
  }, {
    "date": "1416097217",
    "price": 380,
    "amount": 0.1038,
    "tid": "10156530",
    "type": "buy"
  }, {
    "date": "1416097217",
    "price": 393.867,
    "amount": 0.0045,
    "tid": "10156531",
    "type": "buy"
  }, {
    "date": "1416097217",
    "price": 393.87,
    "amount": 0.0314,
    "tid": "10156532",
    "type": "buy"
  }, {
    "date": "1416097453",
    "price": 366.11,
    "amount": 0.0337,
    "tid": "10156627",
    "type": "sell"
  }, {
    "date": "1416097555",
    "price": 393.87,
    "amount": 0.014,
    "tid": "10156637",
    "type": "buy"
  }, {
    "date": "1416100524",
    "price": 393.87,
    "amount": 0.0045,
    "tid": "10156949",
    "type": "buy"
  }, {
    "date": "1416100535",
    "price": 393.87,
    "amount": 0.3798,
    "tid": "10156950",
    "type": "sell"
  }, {
    "date": "1416103104",
    "price": 395.891,
    "amount": 0.0077,
    "tid": "10157391",
    "type": "buy"
  }, {
    "date": "1416118170",
    "price": 366.13,
    "amount": 0.0047,
    "tid": "10159022",
    "type": "sell"
  }, {
    "date": "1416122642",
    "price": 394.37,
    "amount": 0.019,
    "tid": "10159657",
    "type": "sell"
  }, {
    "date": "1416141467",
    "price": 391.001,
    "amount": 0.0032,
    "tid": "10161720",
    "type": "buy"
  }, {
    "date": "1416147120",
    "price": 366.14,
    "amount": 0.0168,
    "tid": "10162473",
    "type": "sell"
  }],
  "elapsed": "0.907ms"
}
